<?xml version = "1.0" encoding = "UTF-8"?><record>
    <leader>01550nam#a2200397#cb4500</leader>
    <controlfield tag="005">20210409063510.0</controlfield>
    <controlfield tag="007">tu</controlfield>
    <controlfield tag="008">111031|2011####gw#######m####|||#|#ger#c</controlfield>
    <controlfield tag="003">DE-605</controlfield>
    <controlfield tag="001">990189160110206441</controlfield>
    <datafield tag="016" ind1="7" ind2=" ">
      <subfield code="a">767576266</subfield>
      <subfield code="2">OCoLC</subfield>
    </datafield>
    <datafield tag="020" ind1=" " ind2=" ">
      <subfield code="a">9783898997126</subfield>
      <subfield code="9">978-3-89899-712-6</subfield>
      <subfield code="0">(uri) http://www.isbnsearch.org/isbn/9783898997126</subfield>
    </datafield>
    <datafield tag="035" ind1=" " ind2=" ">
      <subfield code="a">(DE-605)HT017015300</subfield>
    </datafield>
    <datafield tag="040" ind1=" " ind2=" ">
      <subfield code="a">468</subfield>
      <subfield code="b">ger</subfield>
      <subfield code="d">361</subfield>
      <subfield code="e">rakwb</subfield>
    </datafield>
    <datafield tag="041" ind1=" " ind2=" ">
      <subfield code="a">ger</subfield>
    </datafield>
    <datafield tag="044" ind1=" " ind2=" ">
      <subfield code="c">XA-DE</subfield>
    </datafield>
    <datafield tag="100" ind1="1" ind2=" ">
      <subfield code="a">Derecik, Ahmet</subfield>
      <subfield code="d">1978-</subfield>
      <subfield code="0">(DE-588)1017737398</subfield>
      <subfield code="4">aut</subfield>
      <subfield code="0">(uri) https://portal.dnb.de/opac.htm?method=simpleSearch&amp;cqlMode=true&amp;query=idn=1017737398</subfield>
      <subfield code="0">(uri) http://viaf.org/viaf/sourceID/DNB|1017737398</subfield>
      <subfield code="B">GND-1017737398</subfield>
    </datafield>
    <datafield tag="245" ind1="1" ind2="0">
      <subfield code="a">&lt;&lt;Der&gt;&gt; Schulhof als bewegungsorientierter Sozialraum</subfield>
      <subfield code="b">eine sportp&#228;dagogische Untersuchung zum informellen Lernen in Ganztagsschulen</subfield>
      <subfield code="c">vorgelegt von Ahmet Derecik</subfield>
    </datafield>
    <datafield tag="264" ind1=" " ind2="1">
      <subfield code="a">Aachen [u.a.]</subfield>
      <subfield code="b">Meyer &amp; Meyer</subfield>
      <subfield code="c">2011</subfield>
    </datafield>
    <datafield tag="300" ind1=" " ind2=" ">
      <subfield code="a">283 S. : Ill., graph. Darst.</subfield>
    </datafield>
    <datafield tag="490" ind1="1" ind2=" ">
      <subfield code="a">Sportforum</subfield>
      <subfield code="v">28</subfield>
    </datafield>
    <datafield tag="502" ind1=" " ind2=" ">
      <subfield code="a">Marburg, Univ., Diss., 2011</subfield>
    </datafield>
    <datafield tag="689" ind1="0" ind2="0">
      <subfield code="a">Schulhof</subfield>
      <subfield code="D">s</subfield>
      <subfield code="0">(DE-588)4131620-4</subfield>
      <subfield code="0">(uri) https://portal.dnb.de/opac.htm?method=simpleSearch&amp;cqlMode=true&amp;query=idn=041316207</subfield>
      <subfield code="0">(uri) http://viaf.org/viaf/sourceID/DNB|041316207</subfield>
      <subfield code="B">GND-041316207</subfield>
    </datafield>
    <datafield tag="689" ind1="0" ind2="1">
      <subfield code="a">Sozialraum</subfield>
      <subfield code="D">s</subfield>
      <subfield code="0">(DE-588)4116546-9</subfield>
      <subfield code="0">(uri) https://portal.dnb.de/opac.htm?method=simpleSearch&amp;cqlMode=true&amp;query=idn=041165462</subfield>
      <subfield code="0">(uri) http://viaf.org/viaf/sourceID/DNB|041165462</subfield>
      <subfield code="B">GND-041165462</subfield>
    </datafield>
    <datafield tag="689" ind1="0" ind2="2">
      <subfield code="a">Informelles Lernen</subfield>
      <subfield code="D">s</subfield>
      <subfield code="0">(DE-588)4680202-2</subfield>
      <subfield code="0">(uri) https://portal.dnb.de/opac.htm?method=simpleSearch&amp;cqlMode=true&amp;query=idn=964127970</subfield>
      <subfield code="0">(uri) http://viaf.org/viaf/sourceID/DNB|964127970</subfield>
      <subfield code="B">GND-964127970</subfield>
    </datafield>
    <datafield tag="689" ind1="0" ind2="3">
      <subfield code="a">Ganztagsschule</subfield>
      <subfield code="D">s</subfield>
      <subfield code="0">(DE-588)4155947-2</subfield>
      <subfield code="0">(uri) https://portal.dnb.de/opac.htm?method=simpleSearch&amp;cqlMode=true&amp;query=idn=041559479</subfield>
      <subfield code="0">(uri) http://viaf.org/viaf/sourceID/DNB|041559479</subfield>
      <subfield code="B">GND-041559479</subfield>
    </datafield>
    <datafield tag="689" ind1="0" ind2="4">
      <subfield code="a">Sportp&#228;dagogik</subfield>
      <subfield code="D">s</subfield>
      <subfield code="0">(DE-588)4130615-6</subfield>
      <subfield code="0">(uri) https://portal.dnb.de/opac.htm?method=simpleSearch&amp;cqlMode=true&amp;query=idn=041306155</subfield>
      <subfield code="0">(uri) http://viaf.org/viaf/sourceID/DNB|041306155</subfield>
      <subfield code="B">GND-041306155</subfield>
    </datafield>
    <datafield tag="751" ind1=" " ind2=" ">
      <subfield code="a">Marburg</subfield>
      <subfield code="0">(DE-588)4037446-4</subfield>
      <subfield code="4">uvp</subfield>
      <subfield code="0">(uri) https://portal.dnb.de/opac.htm?method=simpleSearch&amp;cqlMode=true&amp;query=idn=040374467</subfield>
      <subfield code="0">(uri) http://viaf.org/viaf/sourceID/DNB|040374467</subfield>
      <subfield code="B">GND-040374467</subfield>
    </datafield>
    <datafield tag="776" ind1="0" ind2="8">
      <subfield code="i">Erscheint auch als</subfield>
      <subfield code="n">Online-Ausgabe</subfield>
      <subfield code="z">9783840334900</subfield>
      <subfield code="9">978-3-8403-3490-0</subfield>
    </datafield>
    <datafield tag="830" ind1=" " ind2="0">
      <subfield code="a">Sportforum</subfield>
      <subfield code="w">(DE-605)HT004999851</subfield>
      <subfield code="v">28</subfield>
      <subfield code="9">O:1</subfield>
    </datafield>
    <datafield tag="856" ind1="4" ind2="2">
      <subfield code="m">B:DE-101</subfield>
      <subfield code="q">application/pdf</subfield>
      <subfield code="u">http://digitale-objekte.hbz-nrw.de/storage/2012/06/16/file_46/4507767.pdf</subfield>
      <subfield code="3">Inhaltsverzeichnis</subfield>
      <subfield code="9">O:PKN</subfield>
    </datafield>
    <datafield tag="964" ind1="0" ind2="s">
      <subfield code="F">030</subfield>
      <subfield code="A">a|1uc||||||17</subfield>
    </datafield>
    <datafield tag="964" ind1="0" ind2="s">
      <subfield code="F">050</subfield>
      <subfield code="A">a|||||||||||||</subfield>
    </datafield>
    <datafield tag="964" ind1="0" ind2="s">
      <subfield code="F">051</subfield>
      <subfield code="A">sy||||||</subfield>
    </datafield>
    <datafield tag="035" ind1=" " ind2=" ">
      <subfield code="a">(OCoLC)767576266</subfield>
      <subfield code="0">(uri) http://www.worldcat.org/oclc/767576266</subfield>
    </datafield>
    <datafield tag="035" ind1=" " ind2=" ">
      <subfield code="a">(DE-599)HBZHT017015300</subfield>
    </datafield>
    <datafield tag="MBD" ind1=" " ind2=" ">
      <subfield code="M">49HBZ_NETWORK</subfield>
      <subfield code="i">990189160110206441</subfield>
      <subfield code="n">HBZ Network</subfield>
    </datafield>
    <datafield tag="MBD" ind1=" " ind2=" ">
      <subfield code="M">49HBZ_UBD</subfield>
      <subfield code="i">991004273939706445</subfield>
      <subfield code="n">UB Dortmund</subfield>
    </datafield>
    <datafield tag="020" ind1=" " ind2=" ">
      <subfield code="a">9783898997126</subfield>
      <subfield code="9">978-3-89899-712-6</subfield>
      <subfield code="M">49HBZ_UBD</subfield>
    </datafield>
    <datafield tag="776" ind1="0" ind2="8">
      <subfield code="i">Erscheint auch als</subfield>
      <subfield code="n">Online-Ausgabe</subfield>
      <subfield code="z">9783840334900</subfield>
      <subfield code="9">978-3-8403-3490-0</subfield>
      <subfield code="M">49HBZ_UBD</subfield>
    </datafield>
    <datafield tag="830" ind1=" " ind2="0">
      <subfield code="a">Sportforum</subfield>
      <subfield code="w">(DE-605)HT004999851</subfield>
      <subfield code="v">28</subfield>
      <subfield code="9">O:1</subfield>
      <subfield code="M">49HBZ_UBD</subfield>
    </datafield>
    <datafield tag="856" ind1="4" ind2="2">
      <subfield code="m">B:DE-101</subfield>
      <subfield code="q">application/pdf</subfield>
      <subfield code="u">http://digitale-objekte.hbz-nrw.de/storage/2012/06/16/file_46/4507767.pdf</subfield>
      <subfield code="3">Inhaltsverzeichnis</subfield>
      <subfield code="9">O:PKN</subfield>
      <subfield code="M">49HBZ_UBD</subfield>
    </datafield>
    <datafield tag="980" ind1="1" ind2=" ">
      <subfield code="e">HBZ</subfield>
      <subfield code="9">LOCAL</subfield>
      <subfield code="M">49HBZ_UBD</subfield>
    </datafield>
    <datafield tag="981" ind1=" " ind2=" ">
      <subfield code="a">(DE-290)1433550</subfield>
      <subfield code="9">LOCAL</subfield>
      <subfield code="M">49HBZ_UBD</subfield>
    </datafield>
    <datafield tag="997" ind1=" " ind2=" ">
      <subfield code="a">20131210</subfield>
      <subfield code="9">LOCAL</subfield>
      <subfield code="M">49HBZ_UBD</subfield>
    </datafield>
    <datafield tag="MBD" ind1=" " ind2=" ">
      <subfield code="M">49HBZ_UDE</subfield>
      <subfield code="i">990183542540206446</subfield>
      <subfield code="n">UB Duisburg-Essen</subfield>
    </datafield>
    <datafield tag="020" ind1=" " ind2=" ">
      <subfield code="a">9783898997126</subfield>
      <subfield code="9">978-3-89899-712-6</subfield>
      <subfield code="M">49HBZ_UDE</subfield>
    </datafield>
    <datafield tag="776" ind1="0" ind2="8">
      <subfield code="i">Erscheint auch als</subfield>
      <subfield code="n">Online-Ausgabe</subfield>
      <subfield code="z">9783840334900</subfield>
      <subfield code="9">978-3-8403-3490-0</subfield>
      <subfield code="M">49HBZ_UDE</subfield>
    </datafield>
    <datafield tag="830" ind1=" " ind2="0">
      <subfield code="a">Sportforum</subfield>
      <subfield code="w">(DE-605)HT004999851</subfield>
      <subfield code="v">28</subfield>
      <subfield code="9">O:1</subfield>
      <subfield code="M">49HBZ_UDE</subfield>
    </datafield>
    <datafield tag="856" ind1="4" ind2="2">
      <subfield code="m">B:DE-101</subfield>
      <subfield code="q">application/pdf</subfield>
      <subfield code="u">http://digitale-objekte.hbz-nrw.de/storage/2012/06/16/file_46/4507767.pdf</subfield>
      <subfield code="3">Inhaltsverzeichnis</subfield>
      <subfield code="9">O:PKN</subfield>
      <subfield code="M">49HBZ_UDE</subfield>
    </datafield>
    <datafield tag="983" ind1=" " ind2=" ">
      <subfield code="b">KRQ</subfield>
      <subfield code="9">LOCAL</subfield>
      <subfield code="M">49HBZ_UDE</subfield>
    </datafield>
    <datafield tag="983" ind1=" " ind2=" ">
      <subfield code="b">ICV</subfield>
      <subfield code="9">LOCAL</subfield>
      <subfield code="M">49HBZ_UDE</subfield>
    </datafield>
    <datafield tag="983" ind1=" " ind2=" ">
      <subfield code="b">IDT</subfield>
      <subfield code="9">LOCAL</subfield>
      <subfield code="M">49HBZ_UDE</subfield>
    </datafield>
    <datafield tag="MBD" ind1=" " ind2=" ">
      <subfield code="M">49HBZ_WUP</subfield>
      <subfield code="i">990012285250206447</subfield>
      <subfield code="n">UB Wuppertal</subfield>
    </datafield>
    <datafield tag="020" ind1=" " ind2=" ">
      <subfield code="a">9783898997126</subfield>
      <subfield code="9">978-3-89899-712-6</subfield>
      <subfield code="M">49HBZ_WUP</subfield>
    </datafield>
    <datafield tag="776" ind1="0" ind2="8">
      <subfield code="i">Erscheint auch als</subfield>
      <subfield code="n">Online-Ausgabe</subfield>
      <subfield code="z">9783840334900</subfield>
      <subfield code="9">978-3-8403-3490-0</subfield>
      <subfield code="M">49HBZ_WUP</subfield>
    </datafield>
    <datafield tag="830" ind1=" " ind2="0">
      <subfield code="a">Sportforum</subfield>
      <subfield code="w">(DE-605)HT004999851</subfield>
      <subfield code="v">28</subfield>
      <subfield code="9">O:1</subfield>
      <subfield code="M">49HBZ_WUP</subfield>
    </datafield>
    <datafield tag="856" ind1="4" ind2="2">
      <subfield code="m">B:DE-101</subfield>
      <subfield code="q">application/pdf</subfield>
      <subfield code="u">http://digitale-objekte.hbz-nrw.de/storage/2012/06/16/file_46/4507767.pdf</subfield>
      <subfield code="3">Inhaltsverzeichnis</subfield>
      <subfield code="9">O:PKN</subfield>
      <subfield code="M">49HBZ_WUP</subfield>
    </datafield>
    <datafield tag="983" ind1=" " ind2=" ">
      <subfield code="b">KRXS</subfield>
      <subfield code="9">LOCAL</subfield>
      <subfield code="M">49HBZ_WUP</subfield>
    </datafield>
    <datafield tag="MNG" ind1=" " ind2=" ">
      <subfield code="c">System</subfield>
      <subfield code="f">ILS</subfield>
      <subfield code="i">marc21</subfield>
      <subfield code="k">01</subfield>
      <subfield code="e">false</subfield>
      <subfield code="d">2021-04-09 06:35:10 Europe/Berlin</subfield>
      <subfield code="g">018916011-HBZ01</subfield>
      <subfield code="j">60</subfield>
      <subfield code="a">import</subfield>
      <subfield code="b">2021-04-05 08:14:06 Europe/Berlin</subfield>
    </datafield>
    <datafield tag="H52" ind1=" " ind2=" ">
      <subfield code="b">ZB</subfield>
      <subfield code="c">Freihand</subfield>
      <subfield code="8">22197228560006445</subfield>
    </datafield>
    <datafield tag="HOL" ind1=" " ind2=" ">
      <subfield code="b">2021-04-19 15:29:41</subfield>
      <subfield code="8">22197228560006445</subfield>
      <subfield code="M">49HBZ_UBD</subfield>
      <subfield code="g">false</subfield>
      <subfield code="a">import</subfield>
    </datafield>
    <datafield tag="ITM" ind1=" " ind2=" ">
      <subfield code="H">22197228560006445</subfield>
      <subfield code="x">Freihand</subfield>
      <subfield code="f">BOOK</subfield>
      <subfield code="v">Freihand</subfield>
      <subfield code="X">System</subfield>
      <subfield code="U">2021-04-19 10:59:00</subfield>
      <subfield code="Y">2021-04-25 13:51:06</subfield>
      <subfield code="h">false</subfield>
      <subfield code="n">Yn 2932</subfield>
      <subfield code="G">1</subfield>
      <subfield code="M">49HBZ_UBD</subfield>
      <subfield code="s">1</subfield>
      <subfield code="d">#</subfield>
      <subfield code="V">import</subfield>
      <subfield code="L">ClassificationNo: 3000 | SISIS-Magazindrucker: 0 | HBZ01: HT017015300</subfield>
      <subfield code="b">20116184</subfield>
      <subfield code="O">SISIS-Ausleihz&#228;hler vorletztes Migrationsjahr: 4 | SISIS-Vormerkz&#228;hler Migrationsjahr: 0 | SISIS-vorletztes R&#252;ckgabedatum: 2020-10-28 | SISIS-Buchdaten-Aufnahmedatum: 2013-12-11</subfield>
      <subfield code="N">Fernleihkonditionen: 0 | Sigel: 290 | Klassifikation: 3000 | Altersbegrenzung: 0 | SISIS-Ausleihz&#228;hler Migrationsjahr: 1 | SISIS-Ausleihz&#228;hler Vor-Migrationsjahr: 5</subfield>
      <subfield code="a">23197228550006445</subfield>
      <subfield code="B">ZB-80024</subfield>
      <subfield code="W">2021-04-19 15:29:41</subfield>
      <subfield code="u">ZB</subfield>
      <subfield code="w">ZB</subfield>
    </datafield>
    <datafield tag="H52" ind1="8" ind2=" ">
      <subfield code="b">E0001</subfield>
      <subfield code="c">E11</subfield>
      <subfield code="h">KRQ3171</subfield>
      <subfield code="8">22423021820006446</subfield>
    </datafield>
    <datafield tag="HOL" ind1=" " ind2=" ">
      <subfield code="b">2021-04-15 18:53:09</subfield>
      <subfield code="8">22423021820006446</subfield>
      <subfield code="M">49HBZ_UDE</subfield>
      <subfield code="g">false</subfield>
      <subfield code="a">import</subfield>
    </datafield>
    <datafield tag="ITM" ind1=" " ind2=" ">
      <subfield code="H">22423021820006446</subfield>
      <subfield code="x">E11</subfield>
      <subfield code="f">BOOK</subfield>
      <subfield code="v">E11</subfield>
      <subfield code="p">10</subfield>
      <subfield code="X">5502548340006446</subfield>
      <subfield code="U">2014-11-26 10:59:00</subfield>
      <subfield code="Y">2021-04-24 15:10:52</subfield>
      <subfield code="h">false</subfield>
      <subfield code="n">KRQ3171</subfield>
      <subfield code="P">26</subfield>
      <subfield code="Q">SP</subfield>
      <subfield code="M">49HBZ_UDE</subfield>
      <subfield code="s">0</subfield>
      <subfield code="d">8</subfield>
      <subfield code="V">import</subfield>
      <subfield code="b">DE00286549</subfield>
      <subfield code="a">23423021800006446</subfield>
      <subfield code="t">8</subfield>
      <subfield code="R">Maintenance count: 017</subfield>
      <subfield code="c">KRQ3171</subfield>
      <subfield code="r">HOLDSHELF</subfield>
      <subfield code="S">MB14-10474</subfield>
      <subfield code="B">14/16400</subfield>
      <subfield code="D">20141204</subfield>
      <subfield code="W">2021-04-15 18:53:09</subfield>
      <subfield code="u">E0001</subfield>
      <subfield code="w">E0001</subfield>
    </datafield>
    <datafield tag="ITM" ind1=" " ind2=" ">
      <subfield code="H">22423021820006446</subfield>
      <subfield code="x">E11</subfield>
      <subfield code="f">BOOK</subfield>
      <subfield code="v">E11</subfield>
      <subfield code="p">10</subfield>
      <subfield code="X">System</subfield>
      <subfield code="U">2014-11-26 10:59:00</subfield>
      <subfield code="Y">2021-04-20 13:47:22</subfield>
      <subfield code="h">false</subfield>
      <subfield code="n">KRQ3171+1</subfield>
      <subfield code="P">26</subfield>
      <subfield code="M">49HBZ_UDE</subfield>
      <subfield code="s">1</subfield>
      <subfield code="d">8</subfield>
      <subfield code="V">import</subfield>
      <subfield code="b">DE00286550</subfield>
      <subfield code="a">23423021780006446</subfield>
      <subfield code="t">8</subfield>
      <subfield code="R">Maintenance count: 014</subfield>
      <subfield code="c">KRQ3171</subfield>
      <subfield code="S">MB14-10474</subfield>
      <subfield code="B">14/16401</subfield>
      <subfield code="D">20141204</subfield>
      <subfield code="W">2021-04-15 18:53:09</subfield>
      <subfield code="u">E0001</subfield>
      <subfield code="w">E0001</subfield>
    </datafield>
    <datafield tag="H52" ind1=" " ind2=" ">
      <subfield code="b">W0001</subfield>
      <subfield code="c">20</subfield>
      <subfield code="h"></subfield>
      <subfield code="8">22146310040006447</subfield>
    </datafield>
    <datafield tag="HOL" ind1=" " ind2=" ">
      <subfield code="b">2021-04-06 08:57:11</subfield>
      <subfield code="8">22146310040006447</subfield>
      <subfield code="M">49HBZ_WUP</subfield>
      <subfield code="g">false</subfield>
      <subfield code="a">import</subfield>
    </datafield>
    <datafield tag="H52" ind1=" " ind2=" ">
      <subfield code="b">W0001</subfield>
      <subfield code="c">21</subfield>
      <subfield code="h"></subfield>
      <subfield code="8">22146310020006447</subfield>
    </datafield>
    <datafield tag="HOL" ind1=" " ind2=" ">
      <subfield code="b">2021-04-06 08:57:11</subfield>
      <subfield code="8">22146310020006447</subfield>
      <subfield code="M">49HBZ_WUP</subfield>
      <subfield code="g">false</subfield>
      <subfield code="a">import</subfield>
    </datafield>
    <datafield tag="ITM" ind1=" " ind2=" ">
      <subfield code="H">22146310020006447</subfield>
      <subfield code="x">21</subfield>
      <subfield code="f">BOOK</subfield>
      <subfield code="v">21</subfield>
      <subfield code="p">11</subfield>
      <subfield code="X">System</subfield>
      <subfield code="U">2011-10-31 10:59:00</subfield>
      <subfield code="Y">2021-04-07 08:36:24</subfield>
      <subfield code="h">false</subfield>
      <subfield code="n">KRXS1037</subfield>
      <subfield code="M">49HBZ_WUP</subfield>
      <subfield code="s">0</subfield>
      <subfield code="d">#</subfield>
      <subfield code="V">import</subfield>
      <subfield code="b">W00151217</subfield>
      <subfield code="O">Process Status: AA</subfield>
      <subfield code="a">23146330000006447</subfield>
      <subfield code="t">8</subfield>
      <subfield code="R">Maintenance count: 001</subfield>
      <subfield code="r">LOAN</subfield>
      <subfield code="S">M2011-5360</subfield>
      <subfield code="B">2011/11535</subfield>
      <subfield code="D">20111202</subfield>
      <subfield code="W">2021-04-06 08:57:11</subfield>
      <subfield code="u">W0001</subfield>
      <subfield code="w">W0001</subfield>
    </datafield>
    <datafield tag="ITM" ind1=" " ind2=" ">
      <subfield code="H">22146310040006447</subfield>
      <subfield code="x">20</subfield>
      <subfield code="f">BOOK</subfield>
      <subfield code="v">20</subfield>
      <subfield code="p">12</subfield>
      <subfield code="X">System</subfield>
      <subfield code="U">2013-03-19 10:59:00</subfield>
      <subfield code="Y">2021-04-06 08:57:21</subfield>
      <subfield code="h">false</subfield>
      <subfield code="n">KRXS1037+2</subfield>
      <subfield code="M">49HBZ_WUP</subfield>
      <subfield code="s">1</subfield>
      <subfield code="d">#</subfield>
      <subfield code="V">import</subfield>
      <subfield code="b">W00185519</subfield>
      <subfield code="a">23146310030006447</subfield>
      <subfield code="t">8</subfield>
      <subfield code="R">Maintenance count: 004</subfield>
      <subfield code="S">M2013-1162</subfield>
      <subfield code="B">2013/3944</subfield>
      <subfield code="D">20130321</subfield>
      <subfield code="W">2021-04-06 08:57:11</subfield>
      <subfield code="u">W0001</subfield>
      <subfield code="w">W0001</subfield>
    </datafield>
    <datafield tag="ITM" ind1=" " ind2=" ">
      <subfield code="H">22146310020006447</subfield>
      <subfield code="x">21</subfield>
      <subfield code="f">BOOK</subfield>
      <subfield code="v">21</subfield>
      <subfield code="p">11</subfield>
      <subfield code="X">System</subfield>
      <subfield code="U">2013-03-19 10:59:00</subfield>
      <subfield code="Y">2021-04-07 08:36:24</subfield>
      <subfield code="h">false</subfield>
      <subfield code="n">KRXS1037+1</subfield>
      <subfield code="M">49HBZ_WUP</subfield>
      <subfield code="s">0</subfield>
      <subfield code="d">#</subfield>
      <subfield code="V">import</subfield>
      <subfield code="b">W00185518</subfield>
      <subfield code="a">23146310010006447</subfield>
      <subfield code="t">8</subfield>
      <subfield code="R">Maintenance count: 015</subfield>
      <subfield code="r">LOAN</subfield>
      <subfield code="S">M2013-1162</subfield>
      <subfield code="B">2013/3943</subfield>
      <subfield code="D">20130321</subfield>
      <subfield code="W">2021-04-06 08:57:11</subfield>
      <subfield code="u">W0001</subfield>
      <subfield code="w">W0001</subfield>
    </datafield>
    <datafield tag="GSI" ind1="7" ind2=" ">
      <subfield code="a">http://d-nb.info/gnd/1017737398</subfield>
      <subfield code="2">uri</subfield>
      <subfield code="A">GND</subfield>
      <subfield code="B">GND-1017737398</subfield>
      <subfield code="C">024</subfield>
    </datafield>
    <datafield tag="GKT" ind1="2" ind2=" ">
      <subfield code="a">Marburg</subfield>
      <subfield code="b">Magistrat</subfield>
      <subfield code="4">spio</subfield>
      <subfield code="4">https://d-nb.info/standards/elementset/gnd#variantName</subfield>
      <subfield code="w">r</subfield>
      <subfield code="i">Spitzenorgan</subfield>
      <subfield code="e">Spitzenorgan</subfield>
      <subfield code="A">GND</subfield>
      <subfield code="B">GND-040374467</subfield>
      <subfield code="C">410</subfield>
    </datafield>
    <datafield tag="GKT" ind1="2" ind2=" ">
      <subfield code="a">Marburg</subfield>
      <subfield code="b">Presseamt</subfield>
      <subfield code="4">spio</subfield>
      <subfield code="4">https://d-nb.info/standards/elementset/gnd#variantName</subfield>
      <subfield code="w">r</subfield>
      <subfield code="i">Spitzenorgan</subfield>
      <subfield code="e">Spitzenorgan</subfield>
      <subfield code="A">GND</subfield>
      <subfield code="B">GND-040374467</subfield>
      <subfield code="C">410</subfield>
    </datafield>
    <datafield tag="GKT" ind1="2" ind2=" ">
      <subfield code="a">Marburg</subfield>
      <subfield code="b">Stadtverordnetenversammlung</subfield>
      <subfield code="4">spio</subfield>
      <subfield code="4">https://d-nb.info/standards/elementset/gnd#variantName</subfield>
      <subfield code="w">r</subfield>
      <subfield code="i">Spitzenorgan</subfield>
      <subfield code="e">Spitzenorgan</subfield>
      <subfield code="A">GND</subfield>
      <subfield code="B">GND-040374467</subfield>
      <subfield code="C">410</subfield>
    </datafield>
    <datafield tag="GSI" ind1="7" ind2=" ">
      <subfield code="a">4037446-4</subfield>
      <subfield code="0">http://d-nb.info/gnd/4037446-4</subfield>
      <subfield code="2">gnd</subfield>
      <subfield code="A">GND</subfield>
      <subfield code="B">GND-040374467</subfield>
      <subfield code="C">024</subfield>
    </datafield>
    <datafield tag="GGN" ind1=" " ind2=" ">
      <subfield code="a">Marbourg</subfield>
      <subfield code="A">GND</subfield>
      <subfield code="B">GND-040374467</subfield>
      <subfield code="C">451</subfield>
    </datafield>
    <datafield tag="GGN" ind1=" " ind2=" ">
      <subfield code="a">Universit&#228;tsstadt Marburg</subfield>
      <subfield code="A">GND</subfield>
      <subfield code="B">GND-040374467</subfield>
      <subfield code="C">451</subfield>
    </datafield>
    <datafield tag="GGN" ind1=" " ind2=" ">
      <subfield code="a">Marburg (Lahn)</subfield>
      <subfield code="A">GND</subfield>
      <subfield code="B">GND-040374467</subfield>
      <subfield code="C">451</subfield>
    </datafield>
    <datafield tag="GGN" ind1=" " ind2=" ">
      <subfield code="a">Marburg an der Lahn</subfield>
      <subfield code="A">GND</subfield>
      <subfield code="B">GND-040374467</subfield>
      <subfield code="C">451</subfield>
    </datafield>
    <datafield tag="GGN" ind1=" " ind2=" ">
      <subfield code="a">Marburg</subfield>
      <subfield code="g">Lahn</subfield>
      <subfield code="A">GND</subfield>
      <subfield code="B">GND-040374467</subfield>
      <subfield code="C">451</subfield>
    </datafield>
    <datafield tag="GGN" ind1=" " ind2=" ">
      <subfield code="a">Marburgi</subfield>
      <subfield code="A">GND</subfield>
      <subfield code="B">GND-040374467</subfield>
      <subfield code="C">451</subfield>
    </datafield>
    <datafield tag="GGN" ind1=" " ind2=" ">
      <subfield code="a">Marpurgi Cattorum</subfield>
      <subfield code="A">GND</subfield>
      <subfield code="B">GND-040374467</subfield>
      <subfield code="C">451</subfield>
    </datafield>
    <datafield tag="GGN" ind1=" " ind2=" ">
      <subfield code="a">Marpurg</subfield>
      <subfield code="A">GND</subfield>
      <subfield code="B">GND-040374467</subfield>
      <subfield code="C">451</subfield>
    </datafield>
    <datafield tag="GGN" ind1=" " ind2=" ">
      <subfield code="a">Marpurgum</subfield>
      <subfield code="A">GND</subfield>
      <subfield code="B">GND-040374467</subfield>
      <subfield code="C">451</subfield>
    </datafield>
    <datafield tag="GGN" ind1=" " ind2=" ">
      <subfield code="a">Marpurgum Cattorum</subfield>
      <subfield code="A">GND</subfield>
      <subfield code="B">GND-040374467</subfield>
      <subfield code="C">451</subfield>
    </datafield>
    <datafield tag="GGN" ind1=" " ind2=" ">
      <subfield code="a">Marburgum Cattorum</subfield>
      <subfield code="A">GND</subfield>
      <subfield code="B">GND-040374467</subfield>
      <subfield code="C">451</subfield>
    </datafield>
    <datafield tag="GGN" ind1=" " ind2=" ">
      <subfield code="a">Marburgi Cattorum</subfield>
      <subfield code="A">GND</subfield>
      <subfield code="B">GND-040374467</subfield>
      <subfield code="C">451</subfield>
    </datafield>
    <datafield tag="GGN" ind1=" " ind2=" ">
      <subfield code="a">Magistrat der Universit&#228;tsstadt Marburg</subfield>
      <subfield code="A">GND</subfield>
      <subfield code="B">GND-040374467</subfield>
      <subfield code="C">451</subfield>
    </datafield>
    <datafield tag="GSI" ind1="7" ind2=" ">
      <subfield code="a">http://d-nb.info/gnd/4130615-6</subfield>
      <subfield code="2">uri</subfield>
      <subfield code="A">GND</subfield>
      <subfield code="B">GND-041306155</subfield>
      <subfield code="C">024</subfield>
    </datafield>
    <datafield tag="GST" ind1=" " ind2=" ">
      <subfield code="a">Ganztagesschule</subfield>
      <subfield code="A">GND</subfield>
      <subfield code="B">GND-041559479</subfield>
      <subfield code="C">450</subfield>
    </datafield>
    <datafield tag="GST" ind1=" " ind2=" ">
      <subfield code="a">Ganztagschule</subfield>
      <subfield code="A">GND</subfield>
      <subfield code="B">GND-041559479</subfield>
      <subfield code="C">450</subfield>
    </datafield>
    <datafield tag="GSI" ind1="7" ind2=" ">
      <subfield code="a">http://d-nb.info/gnd/4155947-2</subfield>
      <subfield code="2">uri</subfield>
      <subfield code="A">GND</subfield>
      <subfield code="B">GND-041559479</subfield>
      <subfield code="C">024</subfield>
    </datafield>
    <datafield tag="GST" ind1=" " ind2=" ">
      <subfield code="a">Informelle Bildung</subfield>
      <subfield code="A">GND</subfield>
      <subfield code="B">GND-964127970</subfield>
      <subfield code="C">450</subfield>
    </datafield>
    <datafield tag="GST" ind1=" " ind2=" ">
      <subfield code="a">Nichtschulisches Lernen</subfield>
      <subfield code="A">GND</subfield>
      <subfield code="B">GND-964127970</subfield>
      <subfield code="C">450</subfield>
    </datafield>
    <datafield tag="GSI" ind1="7" ind2=" ">
      <subfield code="a">http://d-nb.info/gnd/4680202-2</subfield>
      <subfield code="2">uri</subfield>
      <subfield code="A">GND</subfield>
      <subfield code="B">GND-964127970</subfield>
      <subfield code="C">024</subfield>
    </datafield>
    <datafield tag="GST" ind1=" " ind2=" ">
      <subfield code="a">Sozialer Raum</subfield>
      <subfield code="9">v:B 1986 unter Raum 6.</subfield>
      <subfield code="A">GND</subfield>
      <subfield code="B">GND-041165462</subfield>
      <subfield code="C">450</subfield>
    </datafield>
    <datafield tag="GST" ind1=" " ind2=" ">
      <subfield code="a">Raum</subfield>
      <subfield code="g">Sozialwissenschaften</subfield>
      <subfield code="A">GND</subfield>
      <subfield code="B">GND-041165462</subfield>
      <subfield code="C">450</subfield>
    </datafield>
    <datafield tag="GST" ind1=" " ind2=" ">
      <subfield code="a">Sozialr&#228;ume</subfield>
      <subfield code="A">GND</subfield>
      <subfield code="B">GND-041165462</subfield>
      <subfield code="C">450</subfield>
    </datafield>
    <datafield tag="GSI" ind1="7" ind2=" ">
      <subfield code="a">4116546-9</subfield>
      <subfield code="0">http://d-nb.info/gnd/4116546-9</subfield>
      <subfield code="2">gnd</subfield>
      <subfield code="A">GND</subfield>
      <subfield code="B">GND-041165462</subfield>
      <subfield code="C">024</subfield>
    </datafield>
    <datafield tag="GST" ind1=" " ind2=" ">
      <subfield code="a">Pausenhof</subfield>
      <subfield code="A">GND</subfield>
      <subfield code="B">GND-041316207</subfield>
      <subfield code="C">450</subfield>
    </datafield>
    <datafield tag="GST" ind1=" " ind2=" ">
      <subfield code="a">Schulho&#776;fe</subfield>
      <subfield code="A">GND</subfield>
      <subfield code="B">GND-041316207</subfield>
      <subfield code="C">450</subfield>
    </datafield>
    <datafield tag="GST" ind1=" " ind2=" ">
      <subfield code="a">Pausenplatz</subfield>
      <subfield code="9">v:Schweiz</subfield>
      <subfield code="A">GND</subfield>
      <subfield code="B">GND-041316207</subfield>
      <subfield code="C">450</subfield>
    </datafield>
    <datafield tag="GSI" ind1="7" ind2=" ">
      <subfield code="a">http://d-nb.info/gnd/4131620-4</subfield>
      <subfield code="2">uri</subfield>
      <subfield code="A">GND</subfield>
      <subfield code="B">GND-041316207</subfield>
      <subfield code="C">024</subfield>
    </datafield>
  </record>